<?xml version="1.0" encoding="UTF-8"?><record xmlns="http://www.loc.gov/MARC21/slim" xmlns:cinclude="http://apache.org/cocoon/include/1.0" xmlns:zs="http://www.loc.gov/zing/srw/">
  <leader>00726cz  a2200157n  4500</leader>
  <controlfield tag="001">n  96903299 </controlfield>
  <controlfield tag="003">DLC</controlfield>
  <controlfield tag="005">20130328074900.0</controlfield>
  <controlfield tag="008">961209n| acannaab           |a aaa      </controlfield>
  <datafield tag="010" ind1=" " ind2=" ">
    <subfield code="a">n  96903299 </subfield>
    <subfield code="z">n  93901253 </subfield>
  </datafield>
  <datafield tag="040" ind1=" " ind2=" ">
    <subfield code="a">DLC</subfield>
    <subfield code="c">DLC</subfield>
    <subfield code="d">DLC</subfield>
  </datafield>
  <datafield tag="100" ind1="1" ind2=" ">
    <subfield code="a">Feyizoğlu, Turhan</subfield>
  </datafield>
  <datafield tag="400" ind1="1" ind2=" ">
    <subfield code="a">Feyizoğlu, Turan</subfield>
  </datafield>
  <datafield tag="670" ind1=" " ind2=" ">
    <subfield code="a">Mahir, 1996:</subfield>
    <subfield code="b">t.p. (Turhan Feyizoğlu)</subfield>
  </datafield>
  <datafield tag="670" ind1=" " ind2=" ">
    <subfield code="a">Türkiye'de gençlik hareketleri tarihi ... 1993- :</subfield>
    <subfield code="b">v. 1, t.p. (Turan Feyizoğlu) p. 4 of cover (b. İspir, Turkey, 1958: studied at Ist. U. School of For. Languages and at Marmara U. Atatürk Ed. Fac., French Teachers' Training Dept.; journalist)</subfield>
  </datafield>
  <datafield tag="670" ind1=" " ind2=" ">
    <subfield code="a">Denizler ve Filistin, 2011:</subfield>
    <subfield code="b">t.p. (Turhan Feyizoğlu) p. facing t.p. (b. 1958 in İspir)</subfield>
  </datafield>
</record>